@INPROCEEDINGS{stoica94,
    author = {Ion Stoica and Hussein Abdel-Wahab and Alex Pothen},
    title = {A Microeconomic Scheduler for Parallel Computers},
    booktitle = {In Proceedings of the Workshop on Job Scheduling Strategies for
    Parallel Processing},
    year = {1994},
    pages = {122--135},
    publisher = {Springer-Verlag}
}

@TechReport{lai-mark-2004,
  author = 	 {Kevin Lai, Bernardo A. Huberman and Leslie Fine},
  title = 	 {{Tycoon: A Distributed Market-based Resource Allocation System}},
  institution =  {HP Labs},
  address =      {{Palo Alto, CA, USA}},
  year = 	 {2004},
  number = 	 {arXiv:cs.DC/0404013},
  month = 	 apr,
}

@ARTICLE{spawn, 
author={Waldspurger, C.A. and Hogg, T. and Huberman, B.A. and Kephart, J.O. and Stornetta, W.S.}, 
journal={Software Engineering, IEEE Transactions on}, 
title={Spawn: a distributed computational economy}, 
year={1992}, 
volume={18}, 
number={2}, 
pages={103-117}, 
keywords={Monte Carlo methods;computer networks;parallel programming;Spawn system;coarse-grain concurrent applications;computational markets;concurrent Monte Carlo simulations;distributed computational economy;distributed network;experimental workbench;fairness;heterogeneous computer workstations;idle computational resources;idle processor time;market-based computational system;price equilibria;remote execution;resource distribution;Application software;Biology computing;Computer networks;Computer science;Distributed computing;Humans;Microeconomics;Resource management;Virtual prototyping;Workstations}, 
doi={10.1109/32.121753}, 
ISSN={0098-5589},}

@inproceedings{torque,
  title={TORQUE resource manager},
  author={Staples, Garrick},
  booktitle={Proceedings of the 2006 ACM/IEEE conference on Supercomputing},
  pages={8},
  year={2006},
  organization={ACM}
}

@article{condor,
  title={Distributed computing in practice: The Condor experience},
  author={Thain, Douglas and Tannenbaum, Todd and Livny, Miron},
  journal={Concurrency and Computation: Practice and Experience},
  volume={17},
  number={2-4},
  pages={323--356},
  year={2005},
  publisher={Wiley Online Library}
}

@article{googlecluster,
	title={Google Cluster Data},
	author={Wilkes, John and Reiss, Charles},
	howpublished = "\url{https://code.google.com/p/googleclusterdata/wiki/ClusterData2011_1}",
	year={2011}
}
	

@inproceedings{mesos,
 author = {Hindman, Benjamin and Konwinski, Andy and Zaharia, Matei and Ghodsi, Ali and Joseph, Anthony D. and Katz, Randy and Shenker, Scott and Stoica, Ion},
 title = {Mesos: A Platform for Fine-grained Resource Sharing in the Data Center},
 booktitle = {Proceedings of the 8th USENIX Conference on Networked Systems Design and Implementation},
 series = {NSDI'11},
 year = {2011},
 location = {Boston, MA},
 pages = {22--22},
 numpages = {1},
 url = {http://dl.acm.org/citation.cfm?id=1972457.1972488},
 acmid = {1972488},
 publisher = {USENIX Association},
 address = {Berkeley, CA, USA},
} 

@book{moulin2004fair,
  title={Fair division and collective welfare},
  author={Moulin, Herv{\'e}},
  year={2004},
  publisher={MIT press}
}

@inproceedings{jockey,
  title={Jockey: guaranteed job latency in data parallel clusters},
  author={Ferguson, Andrew D and Bodik, Peter and Kandula, Srikanth and Boutin, Eric and Fonseca, Rodrigo},
  booktitle={Proceedings of the 7th ACM european conference on Computer Systems},
  pages={99--112},
  year={2012},
  organization={ACM}
}

@inproceedings{drf,
  title={Dominant resource fairness: fair allocation of multiple resource types},
  author={Ghodsi, Ali and Zaharia, Matei and Hindman, Benjamin and Konwinski, Andy and Shenker, Scott and Stoica, Ion},
  booktitle={Proceedings of the 8th USENIX conference on Networked systems design and implementation},
  pages={24--24},
  year={2011},
  organization={ACM}
}